@online{goveco,
    title = {Экология и право --- 
             Правительство Саратовской области 
             [Электронный ресурс]},
    URL = {http://saratov.gov.ru/region/ecology/information/},
    year = {2020}
}

@online{govinfo,
    title = {О регионе --- 
             Правительство Саратовской области
             [Электронный ресурс]},
    URL = {http://saratov.gov.ru/region/},
    year = {2020}
}

@online{iqair,
    title = {Саратовская область --- 
             IQAir
             [Электронный ресурс]},
    URL = {https://www.iqair.com/ru/russia/saratov},
    year = {2020}
}

@online{exhausts,
    title = {<<О влиянии выхлопных газов автомобилей на здоровье человека»
            [Электронный ресурс].},
    author = {Вяткин М. Ф., Куимова М. В.,},
    URL = {https://moluch.ru/archive/90/19172/},
    year = {2020}
}
